%YAML 1.1
%TAG !u! tag:unity3d.com,2011:
--- !u!1 &4963866856800323
GameObject:
  m_ObjectHideFlags: 0
  m_CorrespondingSourceObject: {fileID: 0}
  m_PrefabInstance: {fileID: 0}
  m_PrefabAsset: {fileID: 0}
  serializedVersion: 6
  m_Component:
  - component: {fileID: 2670137975607106896}
  - component: {fileID: 891654058812192564}
  - component: {fileID: 4229251848360555837}
  - component: {fileID: 8451309906822053023}
  - component: {fileID: 7083727358789610985}
  - component: {fileID: 6306931235119647777}
  - component: {fileID: 5846521244958197747}
  m_Layer: 0
  m_Name: Door
  m_TagString: Untagged
  m_Icon: {fileID: 0}
  m_NavMeshLayer: 0
  m_StaticEditorFlags: 0
  m_IsActive: 1
--- !u!4 &2670137975607106896
Transform:
  m_ObjectHideFlags: 0
  m_CorrespondingSourceObject: {fileID: 0}
  m_PrefabInstance: {fileID: 0}
  m_PrefabAsset: {fileID: 0}
  m_GameObject: {fileID: 4963866856800323}
  m_LocalRotation: {x: 0, y: 0.7071068, z: 0, w: 0.7071068}
  m_LocalPosition: {x: -5.75, y: -0.242, z: 32.404}
  m_LocalScale: {x: 1, y: 1, z: 1}
  m_ConstrainProportionsScale: 0
  m_Children:
  - {fileID: 627225874603605313}
  - {fileID: 8130907989625132914}
  m_Father: {fileID: 0}
  m_RootOrder: 0
  m_LocalEulerAnglesHint: {x: 0, y: 90, z: 0}
--- !u!114 &891654058812192564
MonoBehaviour:
  m_ObjectHideFlags: 0
  m_CorrespondingSourceObject: {fileID: 0}
  m_PrefabInstance: {fileID: 0}
  m_PrefabAsset: {fileID: 0}
  m_GameObject: {fileID: 4963866856800323}
  m_Enabled: 1
  m_EditorHideFlags: 0
  m_Script: {fileID: 11500000, guid: 8233d90336aea43098adf6dbabd606a2, type: 3}
  m_Name: 
  m_EditorClassIdentifier: 
  m_MeshFormatVersion: 2
  m_Faces:
  - m_Indexes: 020000000300000001000000020000000100000000000000
    m_SmoothingGroup: 0
    m_Uv:
      m_UseWorldSpace: 0
      m_FlipU: 0
      m_FlipV: 0
      m_SwapUV: 0
      m_Fill: 1
      m_Scale: {x: 1, y: 1}
      m_Offset: {x: 0, y: 0}
      m_Rotation: 0
      m_Anchor: 9
    m_Material: {fileID: 0}
    m_SubmeshIndex: 0
    m_ManualUV: 0
    elementGroup: -1
    m_TextureGroup: -1
  - m_Indexes: 060000000700000005000000060000000500000004000000
    m_SmoothingGroup: 0
    m_Uv:
      m_UseWorldSpace: 0
      m_FlipU: 0
      m_FlipV: 0
      m_SwapUV: 0
      m_Fill: 1
      m_Scale: {x: 1, y: 1}
      m_Offset: {x: 0, y: 0}
      m_Rotation: 0
      m_Anchor: 9
    m_Material: {fileID: 0}
    m_SubmeshIndex: 0
    m_ManualUV: 0
    elementGroup: -1
    m_TextureGroup: -1
  - m_Indexes: 0a0000000b000000090000000a0000000900000008000000
    m_SmoothingGroup: 0
    m_Uv:
      m_UseWorldSpace: 0
      m_FlipU: 0
      m_FlipV: 0
      m_SwapUV: 0
      m_Fill: 1
      m_Scale: {x: 1, y: 1}
      m_Offset: {x: 0, y: 0}
      m_Rotation: 0
      m_Anchor: 9
    m_Material: {fileID: 0}
    m_SubmeshIndex: 0
    m_ManualUV: 0
    elementGroup: -1
    m_TextureGroup: -1
  - m_Indexes: 0e0000000f0000000d0000000e0000000d0000000c000000
    m_SmoothingGroup: 0
    m_Uv:
      m_UseWorldSpace: 0
      m_FlipU: 0
      m_FlipV: 0
      m_SwapUV: 0
      m_Fill: 1
      m_Scale: {x: 1, y: 1}
      m_Offset: {x: 0, y: 0}
      m_Rotation: 0
      m_Anchor: 9
    m_Material: {fileID: 0}
    m_SubmeshIndex: 0
    m_ManualUV: 0
    elementGroup: -1
    m_TextureGroup: -1
  - m_Indexes: 120000001300000011000000120000001100000010000000
    m_SmoothingGroup: 0
    m_Uv:
      m_UseWorldSpace: 0
      m_FlipU: 0
      m_FlipV: 0
      m_SwapUV: 0
      m_Fill: 1
      m_Scale: {x: 1, y: 1}
      m_Offset: {x: 0, y: 0}
      m_Rotation: 0
      m_Anchor: 9
    m_Material: {fileID: 0}
    m_SubmeshIndex: 0
    m_ManualUV: 0
    elementGroup: -1
    m_TextureGroup: -1
  - m_Indexes: 160000001700000015000000160000001500000014000000
    m_SmoothingGroup: 0
    m_Uv:
      m_UseWorldSpace: 0
      m_FlipU: 0
      m_FlipV: 0
      m_SwapUV: 0
      m_Fill: 1
      m_Scale: {x: 1, y: 1}
      m_Offset: {x: 0, y: 0}
      m_Rotation: 0
      m_Anchor: 9
    m_Material: {fileID: 0}
    m_SubmeshIndex: 0
    m_ManualUV: 0
    elementGroup: -1
    m_TextureGroup: -1
  - m_Indexes: 1a0000001b000000190000001a0000001900000018000000
    m_SmoothingGroup: 0
    m_Uv:
      m_UseWorldSpace: 0
      m_FlipU: 0
      m_FlipV: 0
      m_SwapUV: 0
      m_Fill: 1
      m_Scale: {x: 1, y: 1}
      m_Offset: {x: 0, y: 0}
      m_Rotation: 0
      m_Anchor: 9
    m_Material: {fileID: 0}
    m_SubmeshIndex: 0
    m_ManualUV: 0
    elementGroup: -1
    m_TextureGroup: -1
  - m_Indexes: 1e0000001f0000001d0000001e0000001d0000001c000000
    m_SmoothingGroup: 0
    m_Uv:
      m_UseWorldSpace: 0
      m_FlipU: 0
      m_FlipV: 0
      m_SwapUV: 0
      m_Fill: 1
      m_Scale: {x: 1, y: 1}
      m_Offset: {x: 0, y: 0}
      m_Rotation: 0
      m_Anchor: 9
    m_Material: {fileID: 0}
    m_SubmeshIndex: 0
    m_ManualUV: 0
    elementGroup: -1
    m_TextureGroup: -1
  - m_Indexes: 220000002300000021000000220000002100000020000000
    m_SmoothingGroup: 0
    m_Uv:
      m_UseWorldSpace: 0
      m_FlipU: 0
      m_FlipV: 0
      m_SwapUV: 0
      m_Fill: 1
      m_Scale: {x: 1, y: 1}
      m_Offset: {x: 0, y: 0}
      m_Rotation: 0
      m_Anchor: 9
    m_Material: {fileID: 0}
    m_SubmeshIndex: 0
    m_ManualUV: 0
    elementGroup: -1
    m_TextureGroup: -1
  - m_Indexes: 260000002700000025000000260000002500000024000000
    m_SmoothingGroup: 0
    m_Uv:
      m_UseWorldSpace: 0
      m_FlipU: 0
      m_FlipV: 0
      m_SwapUV: 0
      m_Fill: 1
      m_Scale: {x: 1, y: 1}
      m_Offset: {x: 0, y: 0}
      m_Rotation: 0
      m_Anchor: 9
    m_Material: {fileID: 0}
    m_SubmeshIndex: 0
    m_ManualUV: 0
    elementGroup: -1
    m_TextureGroup: -1
  - m_Indexes: 2a0000002b000000290000002a0000002900000028000000
    m_SmoothingGroup: 0
    m_Uv:
      m_UseWorldSpace: 0
      m_FlipU: 0
      m_FlipV: 0
      m_SwapUV: 0
      m_Fill: 1
      m_Scale: {x: 1, y: 1}
      m_Offset: {x: 0, y: 0}
      m_Rotation: 0
      m_Anchor: 9
    m_Material: {fileID: 0}
    m_SubmeshIndex: 0
    m_ManualUV: 0
    elementGroup: -1
    m_TextureGroup: -1
  - m_Indexes: 2e0000002f0000002d0000002e0000002d0000002c000000
    m_SmoothingGroup: 0
    m_Uv:
      m_UseWorldSpace: 0
      m_FlipU: 0
      m_FlipV: 0
      m_SwapUV: 0
      m_Fill: 1
      m_Scale: {x: 1, y: 1}
      m_Offset: {x: 0, y: 0}
      m_Rotation: 0
      m_Anchor: 9
    m_Material: {fileID: 0}
    m_SubmeshIndex: 0
    m_ManualUV: 0
    elementGroup: -1
    m_TextureGroup: -1
  - m_Indexes: 320000003300000031000000320000003100000030000000
    m_SmoothingGroup: 0
    m_Uv:
      m_UseWorldSpace: 0
      m_FlipU: 0
      m_FlipV: 0
      m_SwapUV: 0
      m_Fill: 1
      m_Scale: {x: 1, y: 1}
      m_Offset: {x: 0, y: 0}
      m_Rotation: 0
      m_Anchor: 9
    m_Material: {fileID: 0}
    m_SubmeshIndex: 0
    m_ManualUV: 0
    elementGroup: -1
    m_TextureGroup: -1
  - m_Indexes: 360000003500000034000000360000003700000035000000
    m_SmoothingGroup: 0
    m_Uv:
      m_UseWorldSpace: 0
      m_FlipU: 0
      m_FlipV: 0
      m_SwapUV: 0
      m_Fill: 1
      m_Scale: {x: 1, y: 1}
      m_Offset: {x: 0, y: 0}
      m_Rotation: 0
      m_Anchor: 9
    m_Material: {fileID: 0}
    m_SubmeshIndex: 0
    m_ManualUV: 0
    elementGroup: -1
    m_TextureGroup: -1
  - m_Indexes: 3a00000039000000380000003a0000003b00000039000000
    m_SmoothingGroup: 0
    m_Uv:
      m_UseWorldSpace: 0
      m_FlipU: 0
      m_FlipV: 0
      m_SwapUV: 0
      m_Fill: 1
      m_Scale: {x: 1, y: 1}
      m_Offset: {x: 0, y: 0}
      m_Rotation: 0
      m_Anchor: 9
    m_Material: {fileID: 0}
    m_SubmeshIndex: 0
    m_ManualUV: 0
    elementGroup: -1
    m_TextureGroup: -1
  - m_Indexes: 3e0000003d0000003c0000003e0000003f0000003d000000
    m_SmoothingGroup: 0
    m_Uv:
      m_UseWorldSpace: 0
      m_FlipU: 0
      m_FlipV: 0
      m_SwapUV: 0
      m_Fill: 1
      m_Scale: {x: 1, y: 1}
      m_Offset: {x: 0, y: 0}
      m_Rotation: 0
      m_Anchor: 9
    m_Material: {fileID: 0}
    m_SubmeshIndex: 0
    m_ManualUV: 0
    elementGroup: -1
    m_TextureGroup: -1
  m_SharedVertices:
  - m_Vertices: 0000000008000000
  - m_Vertices: 01000000
  - m_Vertices: 0200000009000000100000002900000032000000
  - m_Vertices: 0300000030000000
  - m_Vertices: 040000002d000000
  - m_Vertices: 05000000
  - m_Vertices: 060000000d00000011000000280000002f000000
  - m_Vertices: 070000000f000000
  - m_Vertices: 0a0000003c000000
  - m_Vertices: 0b00000012000000370000003d000000
  - m_Vertices: 0c00000013000000360000003b000000
  - m_Vertices: 0e0000003a000000
  - m_Vertices: 140000001c000000
  - m_Vertices: 150000001e000000240000002b00000033000000
  - m_Vertices: 16000000
  - m_Vertices: 1700000031000000
  - m_Vertices: 180000002c000000
  - m_Vertices: 1900000022000000260000002a0000002e000000
  - m_Vertices: 1a000000
  - m_Vertices: 1b00000023000000
  - m_Vertices: 1d0000003e000000
  - m_Vertices: 1f00000025000000350000003f000000
  - m_Vertices: 20000000270000003400000039000000
  - m_Vertices: 2100000038000000
  m_SharedTextures: []
  m_Positions:
  - {x: 0.0000007152558, y: 2.5, z: -0.25000072}
  - {x: 0.00000071525574, y: 0, z: -0.25000024}
  - {x: 0.25000075, y: 2.5, z: -0.2500007}
  - {x: 0.25000075, y: 0, z: -0.2500002}
  - {x: 1.7500029, y: 0, z: -0.2500005}
  - {x: 2.0000029, y: 0, z: -0.25000048}
  - {x: 1.7500048, y: 2.5, z: -0.25000098}
  - {x: 2.0000048, y: 2.5, z: -0.25000095}
  - {x: 0.0000007152558, y: 2.5, z: -0.25000072}
  - {x: 0.25000075, y: 2.5, z: -0.2500007}
  - {x: 0.0000007152558, y: 3.5, z: -0.25000072}
  - {x: 0.25000075, y: 3.5, z: -0.2500007}
  - {x: 1.7500048, y: 3.5, z: -0.25000098}
  - {x: 1.7500048, y: 2.5, z: -0.25000098}
  - {x: 2.0000048, y: 3.5, z: -0.25000095}
  - {x: 2.0000048, y: 2.5, z: -0.25000095}
  - {x: 0.25000075, y: 2.5, z: -0.2500007}
  - {x: 1.7500048, y: 2.5, z: -0.25000098}
  - {x: 0.25000075, y: 3.5, z: -0.2500007}
  - {x: 1.7500048, y: 3.5, z: -0.25000098}
  - {x: 0.0000006854534, y: 2.5, z: -0.00000020861626}
  - {x: 0.25000072, y: 2.5, z: -0.00000017881393}
  - {x: 0, y: 0, z: 0}
  - {x: 0.25, y: 0, z: 0}
  - {x: 1.75, y: 0, z: 0}
  - {x: 1.750001, y: 2.5, z: 0}
  - {x: 2, y: 0, z: 0}
  - {x: 2.000001, y: 2.5, z: 0.000000029802322}
  - {x: 0.0000006854534, y: 2.5, z: -0.00000020861626}
  - {x: 0.0000006854534, y: 3.5, z: -0.00000020861626}
  - {x: 0.25000072, y: 2.5, z: -0.00000017881393}
  - {x: 0.25000072, y: 3.5, z: -0.00000017881393}
  - {x: 1.750001, y: 3.5, z: 0}
  - {x: 2.000001, y: 3.5, z: 0.000000029802322}
  - {x: 1.750001, y: 2.5, z: 0}
  - {x: 2.000001, y: 2.5, z: 0.000000029802322}
  - {x: 0.25000072, y: 2.5, z: -0.00000017881393}
  - {x: 0.25000072, y: 3.5, z: -0.00000017881393}
  - {x: 1.750001, y: 2.5, z: 0}
  - {x: 1.750001, y: 3.5, z: 0}
  - {x: 1.7500048, y: 2.5, z: -0.25000098}
  - {x: 0.25000075, y: 2.5, z: -0.2500007}
  - {x: 1.750001, y: 2.5, z: 0}
  - {x: 0.25000072, y: 2.5, z: -0.00000017881393}
  - {x: 1.75, y: 0, z: 0}
  - {x: 1.7500029, y: 0, z: -0.2500005}
  - {x: 1.750001, y: 2.5, z: 0}
  - {x: 1.7500048, y: 2.5, z: -0.25000098}
  - {x: 0.25000075, y: 0, z: -0.2500002}
  - {x: 0.25, y: 0, z: 0}
  - {x: 0.25000075, y: 2.5, z: -0.2500007}
  - {x: 0.25000072, y: 2.5, z: -0.00000017881393}
  - {x: 1.750001, y: 3.5, z: 0}
  - {x: 0.25000072, y: 3.5, z: -0.00000017881393}
  - {x: 1.7500048, y: 3.5, z: -0.25000098}
  - {x: 0.25000075, y: 3.5, z: -0.2500007}
  - {x: 2.000001, y: 3.5, z: 0.000000029802322}
  - {x: 1.750001, y: 3.5, z: 0}
  - {x: 2.0000048, y: 3.5, z: -0.25000095}
  - {x: 1.7500048, y: 3.5, z: -0.25000098}
  - {x: 0.0000007152558, y: 3.5, z: -0.25000072}
  - {x: 0.25000075, y: 3.5, z: -0.2500007}
  - {x: 0.0000006854534, y: 3.5, z: -0.00000020861626}
  - {x: 0.25000072, y: 3.5, z: -0.00000017881393}
  m_Textures0:
  - {x: 0.0000006854534, y: 2.5}
  - {x: 0.0000006854534, y: 0.000000047683763}
  - {x: 0.25000072, y: 2.5}
  - {x: 0.25000072, y: 0.000000047683763}
  - {x: 1.7500029, y: 0.000000047683873}
  - {x: 2.0000029, y: 0.000000047683873}
  - {x: 1.7500048, y: 2.5}
  - {x: 2.0000048, y: 2.5}
  - {x: 0.0000006854534, y: 2.5}
  - {x: 0.25000072, y: 2.5}
  - {x: 0.0000006854534, y: 3.5}
  - {x: 0.25000072, y: 3.5}
  - {x: 1.7500048, y: 3.5}
  - {x: 1.7500048, y: 2.5}
  - {x: 2.0000048, y: 3.5}
  - {x: 2.0000048, y: 2.5}
  - {x: 0.2500008, y: 2.5}
  - {x: 1.7500048, y: 2.5}
  - {x: 0.2500008, y: 3.5}
  - {x: 1.7500048, y: 3.5}
  - {x: -0.0000006854534, y: 2.5}
  - {x: -0.25000072, y: 2.5}
  - {x: 0, y: 0}
  - {x: -0.25, y: 0}
  - {x: -1.75, y: -2.4868902e-15}
  - {x: -1.750001, y: 2.5}
  - {x: -2, y: -2.8421602e-15}
  - {x: -2.000001, y: 2.5}
  - {x: -0.0000006854534, y: 2.5}
  - {x: -0.0000006854534, y: 3.5}
  - {x: -0.25000072, y: 2.5}
  - {x: -0.25000072, y: 3.5}
  - {x: -1.750001, y: 3.5}
  - {x: -2.000001, y: 3.5}
  - {x: -1.750001, y: 2.5}
  - {x: -2.000001, y: 2.5}
  - {x: -0.25000072, y: 2.5}
  - {x: -0.25000072, y: 3.5}
  - {x: -1.750001, y: 2.5}
  - {x: -1.750001, y: 3.5}
  - {x: -1.7500048, y: -0.25000098}
  - {x: -0.25000075, y: -0.2500007}
  - {x: -1.750001, y: 0}
  - {x: -0.25000072, y: -0.00000017881393}
  - {x: 0.000026702775, y: 0.000001335139}
  - {x: 0.2500272, y: 0.0000013351382}
  - {x: 0.00002670279, y: 2.5000014}
  - {x: 0.2500277, y: 2.5000014}
  - {x: -0.25000024, y: 0.000000071525776}
  - {x: -0.000000029802262, y: 0.00000007152557}
  - {x: -0.25000072, y: 2.5}
  - {x: -0.00000020861629, y: 2.5}
  - {x: 1.750001, y: 0}
  - {x: 0.25000072, y: -0.00000017881393}
  - {x: 1.7500048, y: -0.25000098}
  - {x: 0.25000075, y: -0.2500007}
  - {x: 2.000001, y: 0.000000029802322}
  - {x: 1.750001, y: 0}
  - {x: 2.0000048, y: -0.25000095}
  - {x: 1.7500048, y: -0.25000098}
  - {x: 0.0000007152558, y: -0.25000072}
  - {x: 0.25000075, y: -0.2500007}
  - {x: 0.0000006854534, y: -0.00000020861626}
  - {x: 0.25000072, y: -0.00000017881393}
  m_Textures2:
  - {x: 0, y: 0, z: 0, w: 0}
  - {x: 0, y: 0, z: 0, w: 0}
  - {x: 0, y: 0, z: 0, w: 0}
  - {x: 0, y: 0, z: 0, w: 0}
  - {x: 0, y: 0, z: 0, w: 0}
  - {x: 0, y: 0, z: 0, w: 0}
  - {x: 0, y: 0, z: 0, w: 0}
  - {x: 0, y: 0, z: 0, w: 0}
  - {x: 0, y: 0, z: 0, w: 0}
  - {x: 0, y: 0, z: 0, w: 0}
  - {x: 0, y: 0, z: 0, w: 0}
  - {x: 0, y: 0, z: 0, w: 0}
  - {x: 0, y: 0, z: 0, w: 0}
  - {x: 0, y: 0, z: 0, w: 0}
  - {x: 0, y: 0, z: 0, w: 0}
  - {x: 0, y: 0, z: 0, w: 0}
  - {x: 0, y: 0, z: 0, w: 0}
  - {x: 0, y: 0, z: 0, w: 0}
  - {x: 0, y: 0, z: 0, w: 0}
  - {x: 0, y: 0, z: 0, w: 0}
  - {x: 0, y: 0, z: 0, w: 0}
  - {x: 0, y: 0, z: 0, w: 0}
  - {x: 0, y: 0, z: 0, w: 0}
  - {x: 0, y: 0, z: 0, w: 0}
  - {x: 0, y: 0, z: 0, w: 0}
  - {x: 0, y: 0, z: 0, w: 0}
  - {x: 0, y: 0, z: 0, w: 0}
  - {x: 0, y: 0, z: 0, w: 0}
  - {x: 0, y: 0, z: 0, w: 0}
  - {x: 0, y: 0, z: 0, w: 0}
  - {x: 0, y: 0, z: 0, w: 0}
  - {x: 0, y: 0, z: 0, w: 0}
  - {x: 0, y: 0, z: 0, w: 0}
  - {x: 0, y: 0, z: 0, w: 0}
  - {x: 0, y: 0, z: 0, w: 0}
  - {x: 0, y: 0, z: 0, w: 0}
  - {x: 0, y: 0, z: 0, w: 0}
  - {x: 0, y: 0, z: 0, w: 0}
  - {x: 0, y: 0, z: 0, w: 0}
  - {x: 0, y: 0, z: 0, w: 0}
  - {x: 0, y: 0, z: 0, w: 0}
  - {x: 0, y: 0, z: 0, w: 0}
  - {x: 0, y: 0, z: 0, w: 0}
  - {x: 0, y: 0, z: 0, w: 0}
  - {x: 0, y: 0, z: 0, w: 0}
  - {x: 0, y: 0, z: 0, w: 0}
  - {x: 0, y: 0, z: 0, w: 0}
  - {x: 0, y: 0, z: 0, w: 0}
  - {x: 0, y: 0, z: 0, w: 0}
  - {x: 0, y: 0, z: 0, w: 0}
  - {x: 0, y: 0, z: 0, w: 0}
  - {x: 0, y: 0, z: 0, w: 0}
  - {x: 0, y: 0, z: 0, w: 0}
  - {x: 0, y: 0, z: 0, w: 0}
  - {x: 0, y: 0, z: 0, w: 0}
  - {x: 0, y: 0, z: 0, w: 0}
  - {x: 0, y: 0, z: 0, w: 0}
  - {x: 0, y: 0, z: 0, w: 0}
  - {x: 0, y: 0, z: 0, w: 0}
  - {x: 0, y: 0, z: 0, w: 0}
  - {x: 0, y: 0, z: 0, w: 0}
  - {x: 0, y: 0, z: 0, w: 0}
  - {x: 0, y: 0, z: 0, w: 0}
  - {x: 0, y: 0, z: 0, w: 0}
  m_Textures3:
  - {x: 0, y: 0, z: 0, w: 0}
  - {x: 0, y: 0, z: 0, w: 0}
  - {x: 0, y: 0, z: 0, w: 0}
  - {x: 0, y: 0, z: 0, w: 0}
  - {x: 0, y: 0, z: 0, w: 0}
  - {x: 0, y: 0, z: 0, w: 0}
  - {x: 0, y: 0, z: 0, w: 0}
  - {x: 0, y: 0, z: 0, w: 0}
  - {x: 0, y: 0, z: 0, w: 0}
  - {x: 0, y: 0, z: 0, w: 0}
  - {x: 0, y: 0, z: 0, w: 0}
  - {x: 0, y: 0, z: 0, w: 0}
  - {x: 0, y: 0, z: 0, w: 0}
  - {x: 0, y: 0, z: 0, w: 0}
  - {x: 0, y: 0, z: 0, w: 0}
  - {x: 0, y: 0, z: 0, w: 0}
  - {x: 0, y: 0, z: 0, w: 0}
  - {x: 0, y: 0, z: 0, w: 0}
  - {x: 0, y: 0, z: 0, w: 0}
  - {x: 0, y: 0, z: 0, w: 0}
  - {x: 0, y: 0, z: 0, w: 0}
  - {x: 0, y: 0, z: 0, w: 0}
  - {x: 0, y: 0, z: 0, w: 0}
  - {x: 0, y: 0, z: 0, w: 0}
  - {x: 0, y: 0, z: 0, w: 0}
  - {x: 0, y: 0, z: 0, w: 0}
  - {x: 0, y: 0, z: 0, w: 0}
  - {x: 0, y: 0, z: 0, w: 0}
  - {x: 0, y: 0, z: 0, w: 0}
  - {x: 0, y: 0, z: 0, w: 0}
  - {x: 0, y: 0, z: 0, w: 0}
  - {x: 0, y: 0, z: 0, w: 0}
  - {x: 0, y: 0, z: 0, w: 0}
  - {x: 0, y: 0, z: 0, w: 0}
  - {x: 0, y: 0, z: 0, w: 0}
  - {x: 0, y: 0, z: 0, w: 0}
  - {x: 0, y: 0, z: 0, w: 0}
  - {x: 0, y: 0, z: 0, w: 0}
  - {x: 0, y: 0, z: 0, w: 0}
  - {x: 0, y: 0, z: 0, w: 0}
  - {x: 0, y: 0, z: 0, w: 0}
  - {x: 0, y: 0, z: 0, w: 0}
  - {x: 0, y: 0, z: 0, w: 0}
  - {x: 0, y: 0, z: 0, w: 0}
  - {x: 0, y: 0, z: 0, w: 0}
  - {x: 0, y: 0, z: 0, w: 0}
  - {x: 0, y: 0, z: 0, w: 0}
  - {x: 0, y: 0, z: 0, w: 0}
  - {x: 0, y: 0, z: 0, w: 0}
  - {x: 0, y: 0, z: 0, w: 0}
  - {x: 0, y: 0, z: 0, w: 0}
  - {x: 0, y: 0, z: 0, w: 0}
  - {x: 0, y: 0, z: 0, w: 0}
  - {x: 0, y: 0, z: 0, w: 0}
  - {x: 0, y: 0, z: 0, w: 0}
  - {x: 0, y: 0, z: 0, w: 0}
  - {x: 0, y: 0, z: 0, w: 0}
  - {x: 0, y: 0, z: 0, w: 0}
  - {x: 0, y: 0, z: 0, w: 0}
  - {x: 0, y: 0, z: 0, w: 0}
  - {x: 0, y: 0, z: 0, w: 0}
  - {x: 0, y: 0, z: 0, w: 0}
  - {x: 0, y: 0, z: 0, w: 0}
  - {x: 0, y: 0, z: 0, w: 0}
  m_Tangents:
  - {x: 1, y: 0, z: 0.000000119209275, w: -1}
  - {x: 1, y: 0, z: 0.000000119209275, w: -1}
  - {x: 1, y: 0, z: 0.000000119209275, w: -1}
  - {x: 1, y: 0, z: 0.000000119209275, w: -1}
  - {x: 1, y: 0, z: 0.00000011920929, w: -1}
  - {x: 1, y: 0, z: 0.00000011920929, w: -1}
  - {x: 1, y: 0, z: 0.00000011920929, w: -1}
  - {x: 1, y: 0, z: 0.00000011920929, w: -1}
  - {x: 1, y: 0, z: 0.000000119209275, w: -1}
  - {x: 1, y: 0, z: 0.000000119209275, w: -1}
  - {x: 1, y: 0, z: 0.000000119209275, w: -1}
  - {x: 1, y: 0, z: 0.000000119209275, w: -1}
  - {x: 1, y: 0, z: 0.00000011920929, w: -1}
  - {x: 1, y: 0, z: 0.00000011920929, w: -1}
  - {x: 1, y: 0, z: 0.00000011920929, w: -1}
  - {x: 1, y: 0, z: 0.00000011920929, w: -1}
  - {x: 1, y: 0, z: -0.00000019868162, w: -1}
  - {x: 1, y: 0, z: -0.00000019868162, w: -1}
  - {x: 1, y: 0, z: -0.00000019868162, w: -1}
  - {x: 1, y: 0, z: -0.00000019868162, w: -1}
  - {x: -1, y: 0, z: -0.000000119209275, w: -1}
  - {x: -1, y: 0, z: -0.000000059604638, w: -1}
  - {x: -1, y: 0, z: -0.000000059604638, w: -1}
  - {x: -1, y: 0, z: 0, w: -1}
  - {x: -1, y: -1.4210799e-15, z: 0, w: -1}
  - {x: -1, y: -7.1053994e-16, z: -0.000000059604645, w: -1}
  - {x: -1, y: -7.1053994e-16, z: -0.000000059604645, w: -1}
  - {x: -1, y: 0, z: -0.00000011920929, w: -1}
  - {x: -1, y: 0, z: -0.000000119209275, w: -1}
  - {x: -1, y: 0, z: -0.000000119209275, w: -1}
  - {x: -1, y: 0, z: -0.000000119209275, w: -1}
  - {x: -1, y: 0, z: -0.000000119209275, w: -1}
  - {x: -1, y: 0, z: -0.00000011920929, w: -1}
  - {x: -1, y: 0, z: -0.00000011920929, w: -1}
  - {x: -1, y: 0, z: -0.00000011920929, w: -1}
  - {x: -1, y: 0, z: -0.00000011920929, w: -1}
  - {x: -1, y: 0, z: -0.00000011920927, w: -1}
  - {x: -1, y: 0, z: -0.00000011920927, w: -1}
  - {x: -1, y: 0, z: -0.00000011920927, w: -1}
  - {x: -1, y: 0, z: -0.00000011920927, w: -1}
  - {x: -1, y: 0, z: 0, w: -1}
  - {x: -1, y: 0, z: 0, w: -1}
  - {x: -1, y: 0, z: 0, w: -1}
  - {x: -1, y: 0, z: 0, w: -1}
  - {x: 0.000011444069, y: 0, z: -1, w: -1}
  - {x: 0.000013351399, y: 0, z: -1, w: -1}
  - {x: 0.000013351399, y: 0, z: -1, w: -1}
  - {x: 0.000015258729, y: 0, z: -1, w: -1}
  - {x: -0.0000029802297, y: 0, z: 1, w: -1}
  - {x: -0.0000015497194, y: 0, z: 1, w: -1}
  - {x: -0.0000015497194, y: 0, z: 1, w: -1}
  - {x: -0.00000011920905, y: 0, z: 1, w: -1}
  - {x: 1, y: 0, z: 0, w: -1}
  - {x: 1, y: 0, z: 0, w: -1}
  - {x: 1, y: 0, z: 0, w: -1}
  - {x: 1, y: 0, z: 0, w: -1}
  - {x: 1, y: 0, z: 0, w: -1}
  - {x: 1, y: 0, z: 0, w: -1}
  - {x: 1, y: 0, z: 0, w: -1}
  - {x: 1, y: 0, z: 0, w: -1}
  - {x: 1, y: 0, z: 0, w: -1}
  - {x: 1, y: 0, z: 0, w: -1}
  - {x: 1, y: 0, z: 0, w: -1}
  - {x: 1, y: 0, z: 0, w: -1}
  m_Colors: []
  m_UnwrapParameters:
    m_HardAngle: 88
    m_PackMargin: 20
    m_AngleError: 8
    m_AreaError: 15
  m_PreserveMeshAssetOnDestroy: 0
  assetGuid: 
  m_Mesh: {fileID: 0}
  m_VersionIndex: 4364
  m_IsSelectable: 1
  m_SelectedFaces: 
  m_SelectedEdges: []
  m_SelectedVertices: 
--- !u!114 &4229251848360555837
MonoBehaviour:
  m_ObjectHideFlags: 0
  m_CorrespondingSourceObject: {fileID: 0}
  m_PrefabInstance: {fileID: 0}
  m_PrefabAsset: {fileID: 0}
  m_GameObject: {fileID: 4963866856800323}
  m_Enabled: 1
  m_EditorHideFlags: 0
  m_Script: {fileID: 11500000, guid: 1ca002da428252441b92f28d83c8a65f, type: 3}
  m_Name: 
  m_EditorClassIdentifier: 
  m_Shape:
    rid: 4849950660031676435
  m_Size: {x: 2, y: 4, z: -0.5}
  m_Rotation: {x: 0, y: 0, z: 0, w: 1}
  m_PivotLocation: 1
  m_PivotPosition: {x: 0, y: 0, z: 0}
  m_UnmodifiedMeshVersion: 4205
  m_ShapeBox:
    m_Center: {x: 1, y: 2, z: -0.25}
    m_Extent: {x: 1, y: 4, z: 0.25}
  references:
    version: 2
    RefIds:
    - rid: 4849950660031676435
      type: {class: Door, ns: UnityEngine.ProBuilder.Shapes, asm: Unity.ProBuilder}
      data:
        m_DoorHeight: 1
        m_LegWidth: 0.25
--- !u!23 &8451309906822053023
MeshRenderer:
  m_ObjectHideFlags: 0
  m_CorrespondingSourceObject: {fileID: 0}
  m_PrefabInstance: {fileID: 0}
  m_PrefabAsset: {fileID: 0}
  m_GameObject: {fileID: 4963866856800323}
  m_Enabled: 1
  m_CastShadows: 1
  m_ReceiveShadows: 1
  m_DynamicOccludee: 1
  m_StaticShadowCaster: 0
  m_MotionVectors: 1
  m_LightProbeUsage: 1
  m_ReflectionProbeUsage: 1
  m_RayTracingMode: 2
  m_RayTraceProcedural: 0
  m_RenderingLayerMask: 1
  m_RendererPriority: 0
  m_Materials:
  - {fileID: 2100000, guid: c22777d6e868e4f2fb421913386b154e, type: 2}
  m_StaticBatchInfo:
    firstSubMesh: 0
    subMeshCount: 0
  m_StaticBatchRoot: {fileID: 0}
  m_ProbeAnchor: {fileID: 0}
  m_LightProbeVolumeOverride: {fileID: 0}
  m_ScaleInLightmap: 1
  m_ReceiveGI: 1
  m_PreserveUVs: 0
  m_IgnoreNormalsForChartDetection: 0
  m_ImportantGI: 0
  m_StitchLightmapSeams: 1
  m_SelectedEditorRenderState: 2
  m_MinimumChartSize: 4
  m_AutoUVMaxDistance: 0.5
  m_AutoUVMaxAngle: 89
  m_LightmapParameters: {fileID: 0}
  m_SortingLayerID: 0
  m_SortingLayer: 0
  m_SortingOrder: 0
  m_AdditionalVertexStreams: {fileID: 0}
--- !u!33 &7083727358789610985
MeshFilter:
  m_ObjectHideFlags: 0
  m_CorrespondingSourceObject: {fileID: 0}
  m_PrefabInstance: {fileID: 0}
  m_PrefabAsset: {fileID: 0}
  m_GameObject: {fileID: 4963866856800323}
  m_Mesh: {fileID: 0}
--- !u!64 &6306931235119647777
MeshCollider:
  m_ObjectHideFlags: 0
  m_CorrespondingSourceObject: {fileID: 0}
  m_PrefabInstance: {fileID: 0}
  m_PrefabAsset: {fileID: 0}
  m_GameObject: {fileID: 4963866856800323}
  m_Material: {fileID: 0}
  m_IsTrigger: 0
  m_Enabled: 1
  serializedVersion: 4
  m_Convex: 0
  m_CookingOptions: 30
  m_Mesh: {fileID: 0}
--- !u!95 &5846521244958197747
Animator:
  serializedVersion: 4
  m_ObjectHideFlags: 0
  m_CorrespondingSourceObject: {fileID: 0}
  m_PrefabInstance: {fileID: 0}
  m_PrefabAsset: {fileID: 0}
  m_GameObject: {fileID: 4963866856800323}
  m_Enabled: 1
  m_Avatar: {fileID: 0}
  m_Controller: {fileID: 9100000, guid: d9ccb8c64772962489cf0498bc781ff0, type: 2}
  m_CullingMode: 0
  m_UpdateMode: 0
  m_ApplyRootMotion: 0
  m_LinearVelocityBlending: 0
  m_StabilizeFeet: 0
  m_WarningMessage: 
  m_HasTransformHierarchy: 1
  m_AllowConstantClipSamplingOptimization: 1
  m_KeepAnimatorControllerStateOnDisable: 0
--- !u!1 &1030079957266101358
GameObject:
  m_ObjectHideFlags: 0
  m_CorrespondingSourceObject: {fileID: 0}
  m_PrefabInstance: {fileID: 0}
  m_PrefabAsset: {fileID: 0}
  serializedVersion: 6
  m_Component:
  - component: {fileID: 8129440504175982399}
  m_Layer: 0
  m_Name: DoorVisual
  m_TagString: Untagged
  m_Icon: {fileID: 0}
  m_NavMeshLayer: 0
  m_StaticEditorFlags: 0
  m_IsActive: 1
--- !u!4 &8129440504175982399
Transform:
  m_ObjectHideFlags: 0
  m_CorrespondingSourceObject: {fileID: 0}
  m_PrefabInstance: {fileID: 0}
  m_PrefabAsset: {fileID: 0}
  m_GameObject: {fileID: 1030079957266101358}
  m_LocalRotation: {x: -0.50000006, y: -0.49999994, z: -0.50000006, w: 0.49999994}
  m_LocalPosition: {x: 0.644, y: 0, z: -0.054000095}
  m_LocalScale: {x: 224.99997, y: 137.79997, z: 108.29}
  m_ConstrainProportionsScale: 0
  m_Children:
  - {fileID: 4518322347817726669}
  m_Father: {fileID: 627225874603605313}
  m_RootOrder: 0
  m_LocalEulerAnglesHint: {x: 0, y: 0, z: 0}
--- !u!1 &3891002948155746423
GameObject:
  m_ObjectHideFlags: 0
  m_CorrespondingSourceObject: {fileID: 0}
  m_PrefabInstance: {fileID: 0}
  m_PrefabAsset: {fileID: 0}
  serializedVersion: 6
  m_Component:
  - component: {fileID: 4518322347817726669}
  - component: {fileID: 656282724808359272}
  - component: {fileID: 3386534162616650146}
  m_Layer: 0
  m_Name: DoorModel
  m_TagString: Untagged
  m_Icon: {fileID: 0}
  m_NavMeshLayer: 0
  m_StaticEditorFlags: 0
  m_IsActive: 1
--- !u!4 &4518322347817726669
Transform:
  m_ObjectHideFlags: 0
  m_CorrespondingSourceObject: {fileID: 0}
  m_PrefabInstance: {fileID: 0}
  m_PrefabAsset: {fileID: 0}
  m_GameObject: {fileID: 3891002948155746423}
  m_LocalRotation: {x: -0, y: -0, z: -0, w: 1}
  m_LocalPosition: {x: 0, y: 0, z: 0.011081355}
  m_LocalScale: {x: 1, y: 1, z: 1}
  m_ConstrainProportionsScale: 0
  m_Children: []
  m_Father: {fileID: 8129440504175982399}
  m_RootOrder: 0
  m_LocalEulerAnglesHint: {x: 0, y: 0, z: 0}
--- !u!33 &656282724808359272
MeshFilter:
  m_ObjectHideFlags: 0
  m_CorrespondingSourceObject: {fileID: 0}
  m_PrefabInstance: {fileID: 0}
  m_PrefabAsset: {fileID: 0}
  m_GameObject: {fileID: 3891002948155746423}
  m_Mesh: {fileID: 527282057689257109, guid: 19568cebd7c24774ca46d07f804b652c, type: 3}
--- !u!23 &3386534162616650146
MeshRenderer:
  m_ObjectHideFlags: 0
  m_CorrespondingSourceObject: {fileID: 0}
  m_PrefabInstance: {fileID: 0}
  m_PrefabAsset: {fileID: 0}
  m_GameObject: {fileID: 3891002948155746423}
  m_Enabled: 1
  m_CastShadows: 1
  m_ReceiveShadows: 1
  m_DynamicOccludee: 1
  m_StaticShadowCaster: 0
  m_MotionVectors: 1
  m_LightProbeUsage: 1
  m_ReflectionProbeUsage: 1
  m_RayTracingMode: 2
  m_RayTraceProcedural: 0
  m_RenderingLayerMask: 1
  m_RendererPriority: 0
  m_Materials:
  - {fileID: -5893160060819351940, guid: 19568cebd7c24774ca46d07f804b652c, type: 3}
  m_StaticBatchInfo:
    firstSubMesh: 0
    subMeshCount: 0
  m_StaticBatchRoot: {fileID: 0}
  m_ProbeAnchor: {fileID: 0}
  m_LightProbeVolumeOverride: {fileID: 0}
  m_ScaleInLightmap: 1
  m_ReceiveGI: 1
  m_PreserveUVs: 0
  m_IgnoreNormalsForChartDetection: 0
  m_ImportantGI: 0
  m_StitchLightmapSeams: 1
  m_SelectedEditorRenderState: 3
  m_MinimumChartSize: 4
  m_AutoUVMaxDistance: 0.5
  m_AutoUVMaxAngle: 89
  m_LightmapParameters: {fileID: 0}
  m_SortingLayerID: 0
  m_SortingLayer: 0
  m_SortingOrder: 0
  m_AdditionalVertexStreams: {fileID: 0}
--- !u!1 &8599491750342925741
GameObject:
  m_ObjectHideFlags: 0
  m_CorrespondingSourceObject: {fileID: 0}
  m_PrefabInstance: {fileID: 0}
  m_PrefabAsset: {fileID: 0}
  serializedVersion: 6
  m_Component:
  - component: {fileID: 627225874603605313}
  m_Layer: 0
  m_Name: RotatePoint
  m_TagString: Untagged
  m_Icon: {fileID: 0}
  m_NavMeshLayer: 0
  m_StaticEditorFlags: 0
  m_IsActive: 1
--- !u!4 &627225874603605313
Transform:
  m_ObjectHideFlags: 0
  m_CorrespondingSourceObject: {fileID: 0}
  m_PrefabInstance: {fileID: 0}
  m_PrefabAsset: {fileID: 0}
  m_GameObject: {fileID: 8599491750342925741}
  m_LocalRotation: {x: 0, y: 0, z: 0, w: 1}
  m_LocalPosition: {x: 0.325, y: 0, z: -0.147}
  m_LocalScale: {x: 1, y: 1, z: 1}
  m_ConstrainProportionsScale: 0
  m_Children:
  - {fileID: 8129440504175982399}
  m_Father: {fileID: 2670137975607106896}
  m_RootOrder: 0
  m_LocalEulerAnglesHint: {x: 0, y: 0, z: 0}
--- !u!1 &9093020629670899724
GameObject:
  m_ObjectHideFlags: 0
  m_CorrespondingSourceObject: {fileID: 0}
  m_PrefabInstance: {fileID: 0}
  m_PrefabAsset: {fileID: 0}
  serializedVersion: 6
  m_Component:
  - component: {fileID: 8130907989625132914}
  - component: {fileID: 7340301285879297667}
  - component: {fileID: 4885287476583091220}
  m_Layer: 0
  m_Name: Trigger
  m_TagString: Untagged
  m_Icon: {fileID: 0}
  m_NavMeshLayer: 0
  m_StaticEditorFlags: 0
  m_IsActive: 1
--- !u!4 &8130907989625132914
Transform:
  m_ObjectHideFlags: 0
  m_CorrespondingSourceObject: {fileID: 0}
  m_PrefabInstance: {fileID: 0}
  m_PrefabAsset: {fileID: 0}
  m_GameObject: {fileID: 9093020629670899724}
  m_LocalRotation: {x: 0, y: 0, z: 0, w: 1}
  m_LocalPosition: {x: 0.97, y: 0.46, z: -0.14}
  m_LocalScale: {x: 1.6243, y: 1, z: 2.9801042}
  m_ConstrainProportionsScale: 0
  m_Children: []
  m_Father: {fileID: 2670137975607106896}
  m_RootOrder: 1
  m_LocalEulerAnglesHint: {x: 0, y: 0, z: 0}
--- !u!65 &7340301285879297667
BoxCollider:
  m_ObjectHideFlags: 0
  m_CorrespondingSourceObject: {fileID: 0}
  m_PrefabInstance: {fileID: 0}
  m_PrefabAsset: {fileID: 0}
  m_GameObject: {fileID: 9093020629670899724}
  m_Material: {fileID: 0}
  m_IsTrigger: 1
  m_Enabled: 1
  serializedVersion: 2
  m_Size: {x: 1.0000005, y: 1, z: 1.0000005}
  m_Center: {x: 0.0000009536745, y: 0, z: -0.000007629398}
--- !u!114 &4885287476583091220
MonoBehaviour:
  m_ObjectHideFlags: 0
  m_CorrespondingSourceObject: {fileID: 0}
  m_PrefabInstance: {fileID: 0}
  m_PrefabAsset: {fileID: 0}
  m_GameObject: {fileID: 9093020629670899724}
  m_Enabled: 1
  m_EditorHideFlags: 0
  m_Script: {fileID: 11500000, guid: b22abcf955e6e2a40a2049529814c9b4, type: 3}
  m_Name: 
  m_EditorClassIdentifier: 
  thisAnimator: {fileID: 5846521244958197747}
  doOnce: 0
