%YAML 1.1
%TAG !u! tag:unity3d.com,2011:
--- !u!1 &1914869375116528682
GameObject:
  m_ObjectHideFlags: 0
  m_CorrespondingSourceObject: {fileID: 0}
  m_PrefabInstance: {fileID: 0}
  m_PrefabAsset: {fileID: 0}
  serializedVersion: 6
  m_Component:
  - component: {fileID: 1286106591567287952}
  - component: {fileID: 4790807249979659787}
  m_Layer: 0
  m_Name: ToasterPrefabWithBread
  m_TagString: Untagged
  m_Icon: {fileID: 0}
  m_NavMeshLayer: 0
  m_StaticEditorFlags: 0
  m_IsActive: 1
--- !u!4 &1286106591567287952
Transform:
  m_ObjectHideFlags: 0
  m_CorrespondingSourceObject: {fileID: 0}
  m_PrefabInstance: {fileID: 0}
  m_PrefabAsset: {fileID: 0}
  m_GameObject: {fileID: 1914869375116528682}
  m_LocalRotation: {x: -0, y: -0.43362558, z: -0, w: 0.9010932}
  m_LocalPosition: {x: -12.113, y: 1.464, z: 10.531}
  m_LocalScale: {x: 0.049999997, y: 0.05, z: 0.049999997}
  m_ConstrainProportionsScale: 1
  m_Children:
  - {fileID: 2052856413090022811}
  - {fileID: 1010922627322006739}
  - {fileID: 1010922629041871494}
  - {fileID: 2689528139556975966}
  m_Father: {fileID: 0}
  m_RootOrder: 0
  m_LocalEulerAnglesHint: {x: 0, y: -51.396, z: 0}
--- !u!95 &4790807249979659787
Animator:
  serializedVersion: 4
  m_ObjectHideFlags: 0
  m_CorrespondingSourceObject: {fileID: 0}
  m_PrefabInstance: {fileID: 0}
  m_PrefabAsset: {fileID: 0}
  m_GameObject: {fileID: 1914869375116528682}
  m_Enabled: 1
  m_Avatar: {fileID: 0}
  m_Controller: {fileID: 9100000, guid: c9cd1603df78aed409dd4c8844d27c00, type: 2}
  m_CullingMode: 0
  m_UpdateMode: 0
  m_ApplyRootMotion: 0
  m_LinearVelocityBlending: 0
  m_StabilizeFeet: 0
  m_WarningMessage: 
  m_HasTransformHierarchy: 1
  m_AllowConstantClipSamplingOptimization: 1
  m_KeepAnimatorControllerStateOnDisable: 0
--- !u!1 &4494290691076999990
GameObject:
  m_ObjectHideFlags: 0
  m_CorrespondingSourceObject: {fileID: 0}
  m_PrefabInstance: {fileID: 0}
  m_PrefabAsset: {fileID: 0}
  serializedVersion: 6
  m_Component:
  - component: {fileID: 2052856413090022811}
  - component: {fileID: 2163956428556316173}
  - component: {fileID: 2614498029509245049}
  m_Layer: 0
  m_Name: CarcazaLight
  m_TagString: Untagged
  m_Icon: {fileID: 0}
  m_NavMeshLayer: 0
  m_StaticEditorFlags: 0
  m_IsActive: 1
--- !u!4 &2052856413090022811
Transform:
  m_ObjectHideFlags: 0
  m_CorrespondingSourceObject: {fileID: 0}
  m_PrefabInstance: {fileID: 0}
  m_PrefabAsset: {fileID: 0}
  m_GameObject: {fileID: 4494290691076999990}
  m_LocalRotation: {x: 0, y: -0, z: -0, w: 1}
  m_LocalPosition: {x: -0, y: 0, z: 0}
  m_LocalScale: {x: 1, y: 1, z: 1}
  m_ConstrainProportionsScale: 0
  m_Children: []
  m_Father: {fileID: 1286106591567287952}
  m_RootOrder: 0
  m_LocalEulerAnglesHint: {x: 0, y: 0, z: 0}
--- !u!33 &2163956428556316173
MeshFilter:
  m_ObjectHideFlags: 0
  m_CorrespondingSourceObject: {fileID: 0}
  m_PrefabInstance: {fileID: 0}
  m_PrefabAsset: {fileID: 0}
  m_GameObject: {fileID: 4494290691076999990}
  m_Mesh: {fileID: 5508038667482834595, guid: c77f9c97a26b15049a325402fec6a0e6, type: 3}
--- !u!23 &2614498029509245049
MeshRenderer:
  m_ObjectHideFlags: 0
  m_CorrespondingSourceObject: {fileID: 0}
  m_PrefabInstance: {fileID: 0}
  m_PrefabAsset: {fileID: 0}
  m_GameObject: {fileID: 4494290691076999990}
  m_Enabled: 1
  m_CastShadows: 1
  m_ReceiveShadows: 1
  m_DynamicOccludee: 1
  m_StaticShadowCaster: 0
  m_MotionVectors: 1
  m_LightProbeUsage: 1
  m_ReflectionProbeUsage: 1
  m_RayTracingMode: 2
  m_RayTraceProcedural: 0
  m_RenderingLayerMask: 1
  m_RendererPriority: 0
  m_Materials:
  - {fileID: 2100000, guid: 7d30dfa7cdd273d47ac304e421536cc4, type: 2}
  m_StaticBatchInfo:
    firstSubMesh: 0
    subMeshCount: 0
  m_StaticBatchRoot: {fileID: 0}
  m_ProbeAnchor: {fileID: 0}
  m_LightProbeVolumeOverride: {fileID: 0}
  m_ScaleInLightmap: 1
  m_ReceiveGI: 1
  m_PreserveUVs: 0
  m_IgnoreNormalsForChartDetection: 0
  m_ImportantGI: 0
  m_StitchLightmapSeams: 1
  m_SelectedEditorRenderState: 3
  m_MinimumChartSize: 4
  m_AutoUVMaxDistance: 0.5
  m_AutoUVMaxAngle: 89
  m_LightmapParameters: {fileID: 0}
  m_SortingLayerID: 0
  m_SortingLayer: 0
  m_SortingOrder: 0
  m_AdditionalVertexStreams: {fileID: 0}
--- !u!1 &7699850343466856180
GameObject:
  m_ObjectHideFlags: 0
  m_CorrespondingSourceObject: {fileID: 0}
  m_PrefabInstance: {fileID: 0}
  m_PrefabAsset: {fileID: 0}
  serializedVersion: 6
  m_Component:
  - component: {fileID: 2689528139556975966}
  - component: {fileID: 7855708249724387472}
  - component: {fileID: 1227206042756360358}
  m_Layer: 0
  m_Name: Trigger
  m_TagString: Untagged
  m_Icon: {fileID: 0}
  m_NavMeshLayer: 0
  m_StaticEditorFlags: 0
  m_IsActive: 1
--- !u!4 &2689528139556975966
Transform:
  m_ObjectHideFlags: 0
  m_CorrespondingSourceObject: {fileID: 0}
  m_PrefabInstance: {fileID: 0}
  m_PrefabAsset: {fileID: 0}
  m_GameObject: {fileID: 7699850343466856180}
  m_LocalRotation: {x: -0, y: 0.43362558, z: -0, w: 0.9010932}
  m_LocalPosition: {x: 2.3111672, y: 5.9320784, z: -8.888233}
  m_LocalScale: {x: 25.834, y: 25.834, z: 25.834}
  m_ConstrainProportionsScale: 0
  m_Children: []
  m_Father: {fileID: 1286106591567287952}
  m_RootOrder: 3
  m_LocalEulerAnglesHint: {x: 0, y: 0, z: 0}
--- !u!65 &7855708249724387472
BoxCollider:
  m_ObjectHideFlags: 0
  m_CorrespondingSourceObject: {fileID: 0}
  m_PrefabInstance: {fileID: 0}
  m_PrefabAsset: {fileID: 0}
  m_GameObject: {fileID: 7699850343466856180}
  m_Material: {fileID: 0}
  m_IsTrigger: 1
  m_Enabled: 1
  serializedVersion: 2
  m_Size: {x: 1.0000002, y: 1, z: 1.0000002}
  m_Center: {x: 0.0000009536745, y: 0, z: -0.0000028610232}
--- !u!114 &1227206042756360358
MonoBehaviour:
  m_ObjectHideFlags: 0
  m_CorrespondingSourceObject: {fileID: 0}
  m_PrefabInstance: {fileID: 0}
  m_PrefabAsset: {fileID: 0}
  m_GameObject: {fileID: 7699850343466856180}
  m_Enabled: 1
  m_EditorHideFlags: 0
  m_Script: {fileID: 11500000, guid: b22abcf955e6e2a40a2049529814c9b4, type: 3}
  m_Name: 
  m_EditorClassIdentifier: 
  thisAnimator: {fileID: 4790807249979659787}
  doOnce: 1
--- !u!1001 &562755263150081254
PrefabInstance:
  m_ObjectHideFlags: 0
  serializedVersion: 2
  m_Modification:
    m_TransformParent: {fileID: 1286106591567287952}
    m_Modifications:
    - target: {fileID: 181017567992431834, guid: 780edf1eaa94a1c4a8eb434378cb0fef, type: 3}
      propertyPath: m_Name
      value: Slice of bread
      objectReference: {fileID: 0}
    - target: {fileID: 705035615988293216, guid: 780edf1eaa94a1c4a8eb434378cb0fef, type: 3}
      propertyPath: m_RootOrder
      value: 2
      objectReference: {fileID: 0}
    - target: {fileID: 705035615988293216, guid: 780edf1eaa94a1c4a8eb434378cb0fef, type: 3}
      propertyPath: m_LocalScale.x
      value: 40
      objectReference: {fileID: 0}
    - target: {fileID: 705035615988293216, guid: 780edf1eaa94a1c4a8eb434378cb0fef, type: 3}
      propertyPath: m_LocalScale.y
      value: 239.99997
      objectReference: {fileID: 0}
    - target: {fileID: 705035615988293216, guid: 780edf1eaa94a1c4a8eb434378cb0fef, type: 3}
      propertyPath: m_LocalScale.z
      value: 240.00002
      objectReference: {fileID: 0}
    - target: {fileID: 705035615988293216, guid: 780edf1eaa94a1c4a8eb434378cb0fef, type: 3}
      propertyPath: m_LocalPosition.x
      value: 0.03
      objectReference: {fileID: 0}
    - target: {fileID: 705035615988293216, guid: 780edf1eaa94a1c4a8eb434378cb0fef, type: 3}
      propertyPath: m_LocalPosition.y
      value: -0.39
      objectReference: {fileID: 0}
    - target: {fileID: 705035615988293216, guid: 780edf1eaa94a1c4a8eb434378cb0fef, type: 3}
      propertyPath: m_LocalPosition.z
      value: -4.47
      objectReference: {fileID: 0}
    - target: {fileID: 705035615988293216, guid: 780edf1eaa94a1c4a8eb434378cb0fef, type: 3}
      propertyPath: m_LocalRotation.w
      value: -0.70590705
      objectReference: {fileID: 0}
    - target: {fileID: 705035615988293216, guid: 780edf1eaa94a1c4a8eb434378cb0fef, type: 3}
      propertyPath: m_LocalRotation.x
      value: -0.013340771
      objectReference: {fileID: 0}
    - target: {fileID: 705035615988293216, guid: 780edf1eaa94a1c4a8eb434378cb0fef, type: 3}
      propertyPath: m_LocalRotation.y
      value: -0.016333727
      objectReference: {fileID: 0}
    - target: {fileID: 705035615988293216, guid: 780edf1eaa94a1c4a8eb434378cb0fef, type: 3}
      propertyPath: m_LocalRotation.z
      value: 0.7079905
      objectReference: {fileID: 0}
    - target: {fileID: 705035615988293216, guid: 780edf1eaa94a1c4a8eb434378cb0fef, type: 3}
      propertyPath: m_LocalEulerAnglesHint.x
      value: 2.405
      objectReference: {fileID: 0}
    - target: {fileID: 705035615988293216, guid: 780edf1eaa94a1c4a8eb434378cb0fef, type: 3}
      propertyPath: m_LocalEulerAnglesHint.y
      value: -51.157
      objectReference: {fileID: 0}
    - target: {fileID: 705035615988293216, guid: 780edf1eaa94a1c4a8eb434378cb0fef, type: 3}
      propertyPath: m_LocalEulerAnglesHint.z
      value: 269.836
      objectReference: {fileID: 0}
    - target: {fileID: 705035615988293216, guid: 780edf1eaa94a1c4a8eb434378cb0fef, type: 3}
      propertyPath: m_ConstrainProportionsScale
      value: 1
      objectReference: {fileID: 0}
    m_RemovedComponents: []
  m_SourcePrefab: {fileID: 100100000, guid: 780edf1eaa94a1c4a8eb434378cb0fef, type: 3}
--- !u!4 &1010922629041871494 stripped
Transform:
  m_CorrespondingSourceObject: {fileID: 705035615988293216, guid: 780edf1eaa94a1c4a8eb434378cb0fef, type: 3}
  m_PrefabInstance: {fileID: 562755263150081254}
  m_PrefabAsset: {fileID: 0}
--- !u!1001 &562755263696065203
PrefabInstance:
  m_ObjectHideFlags: 0
  serializedVersion: 2
  m_Modification:
    m_TransformParent: {fileID: 1286106591567287952}
    m_Modifications:
    - target: {fileID: 181017567992431834, guid: 780edf1eaa94a1c4a8eb434378cb0fef, type: 3}
      propertyPath: m_Name
      value: Slice of bread (1)
      objectReference: {fileID: 0}
    - target: {fileID: 705035615988293216, guid: 780edf1eaa94a1c4a8eb434378cb0fef, type: 3}
      propertyPath: m_RootOrder
      value: 1
      objectReference: {fileID: 0}
    - target: {fileID: 705035615988293216, guid: 780edf1eaa94a1c4a8eb434378cb0fef, type: 3}
      propertyPath: m_LocalScale.x
      value: 40
      objectReference: {fileID: 0}
    - target: {fileID: 705035615988293216, guid: 780edf1eaa94a1c4a8eb434378cb0fef, type: 3}
      propertyPath: m_LocalScale.y
      value: 239.99997
      objectReference: {fileID: 0}
    - target: {fileID: 705035615988293216, guid: 780edf1eaa94a1c4a8eb434378cb0fef, type: 3}
      propertyPath: m_LocalScale.z
      value: 240.00002
      objectReference: {fileID: 0}
    - target: {fileID: 705035615988293216, guid: 780edf1eaa94a1c4a8eb434378cb0fef, type: 3}
      propertyPath: m_LocalPosition.x
      value: 0.04
      objectReference: {fileID: 0}
    - target: {fileID: 705035615988293216, guid: 780edf1eaa94a1c4a8eb434378cb0fef, type: 3}
      propertyPath: m_LocalPosition.y
      value: -0.47
      objectReference: {fileID: 0}
    - target: {fileID: 705035615988293216, guid: 780edf1eaa94a1c4a8eb434378cb0fef, type: 3}
      propertyPath: m_LocalPosition.z
      value: -2.53
      objectReference: {fileID: 0}
    - target: {fileID: 705035615988293216, guid: 780edf1eaa94a1c4a8eb434378cb0fef, type: 3}
      propertyPath: m_LocalRotation.w
      value: -0.70590705
      objectReference: {fileID: 0}
    - target: {fileID: 705035615988293216, guid: 780edf1eaa94a1c4a8eb434378cb0fef, type: 3}
      propertyPath: m_LocalRotation.x
      value: -0.013340771
      objectReference: {fileID: 0}
    - target: {fileID: 705035615988293216, guid: 780edf1eaa94a1c4a8eb434378cb0fef, type: 3}
      propertyPath: m_LocalRotation.y
      value: -0.016333727
      objectReference: {fileID: 0}
    - target: {fileID: 705035615988293216, guid: 780edf1eaa94a1c4a8eb434378cb0fef, type: 3}
      propertyPath: m_LocalRotation.z
      value: 0.7079905
      objectReference: {fileID: 0}
    - target: {fileID: 705035615988293216, guid: 780edf1eaa94a1c4a8eb434378cb0fef, type: 3}
      propertyPath: m_LocalEulerAnglesHint.x
      value: 2.405
      objectReference: {fileID: 0}
    - target: {fileID: 705035615988293216, guid: 780edf1eaa94a1c4a8eb434378cb0fef, type: 3}
      propertyPath: m_LocalEulerAnglesHint.y
      value: -51.157
      objectReference: {fileID: 0}
    - target: {fileID: 705035615988293216, guid: 780edf1eaa94a1c4a8eb434378cb0fef, type: 3}
      propertyPath: m_LocalEulerAnglesHint.z
      value: 269.836
      objectReference: {fileID: 0}
    - target: {fileID: 705035615988293216, guid: 780edf1eaa94a1c4a8eb434378cb0fef, type: 3}
      propertyPath: m_ConstrainProportionsScale
      value: 1
      objectReference: {fileID: 0}
    m_RemovedComponents: []
  m_SourcePrefab: {fileID: 100100000, guid: 780edf1eaa94a1c4a8eb434378cb0fef, type: 3}
--- !u!4 &1010922627322006739 stripped
Transform:
  m_CorrespondingSourceObject: {fileID: 705035615988293216, guid: 780edf1eaa94a1c4a8eb434378cb0fef, type: 3}
  m_PrefabInstance: {fileID: 562755263696065203}
  m_PrefabAsset: {fileID: 0}
